@article{Zaremba2014,
archivePrefix = {arXiv},
arxivId = {arXiv:1409.2329v3},
author = {Zaremba, Wojciech and Sutskever, Ilya and Vinyals, Oriol},
eprint = {arXiv:1409.2329v3},
file = {:Users/pouyabashivan/Dropbox (MIT)/Papers/1409.2329.pdf:pdf},
isbn = {078036404X},
journal = {arXiv:1409.2329 [cs]},
number = {2013},
pages = {1--8},
title = {{Recurrent Neural Network Regularization}},
year = {2014}
}

@article{Zoph2017,
archivePrefix = {arXiv},
arxivId = {arXiv:1611.01578v1},
author = {Zoph, Barret and Le, Quoc V},
eprint = {arXiv:1611.01578v1},
journal = {ICLR},
title = {{Neural architecture Search With reinforcement learning}},
year = {2017}
}

@article{Gheiratmand2017,
author = {Gheiratmand, Mina and Rish, Irina and Cecchi, Guillermo A and Brown, Matthew R G and Greiner, Russell and Polosecki, Pablo I and Bashivan, Pouya and Greenshaw, Andrew J and Ramasubbu, Rajamannar and Dursun, Serdar M},
doi = {10.1038/s41537-017-0022-8},
file = {:Users/pouyabashivan/Dropbox (MIT)/Papers/s41537-017-0022-8.pdf:pdf},
issn = {2334-265X},
journal = {npj Schizophrenia},
number = {February},
pages = {1--11},
pmid = {28560268},
publisher = {Springer US},
title = {{Learning stable and predictive network-based patterns of schizophrenia and its clinical symptoms}},
year = {2017}
}
